@String{lncs = {Lecture Notes in Computer Science}}
@String{procecoop = {Proceedings of the European Conference on
    Object-Oriented Programming ({ECOOP})}}

@Book{lamport-1994-ladps,
    author =	{Lamport, Leslie},
    title =	{\LaTeX: A Document Preparation System},
    booktitle =	{\LaTeX: A Document Preparation System},
    year =	1994,
    edition =	2,
    publisher =	{Addison-Wesley},
    isbn =	0201529831,
}

@Book{bringhurst-2002-teots,
    author =	{Bringhurst, Robert},
    title =	{The Elements of Typographic Style},
    booktitle =	{The Elements of Typographic Style},
    year =	2002,
    edition =	{2.5},
    publisher =	{Hartley \& Marks},
    isbn =	0881791326,
}

@InProceedings{kiczales-1997-aop,
    author =    {Kiczales, Gregor and Lamping, John and
		    Mendhekar, Anurag and Maeda, Chris and
		    Lopes, Cristina and Loingtier, Jean-Marc
		    and Irwin, John},
    title =     {Aspect-Oriented Programming},
    booktitle = procecoop,
    year =	1997,
    series =    lncs,
    volume =    2591,
    pages =     {220--242},
    keywords =  {aop, aspect-oriented programming},
    online =	{http://www.parc.xerox.com/csl/groups/sda/pubs/papers/Kiczal
es-ECOOP97/for-web.pdf},
}

@Book{rowling-1997-hpps,
    author =	{Rowling, Joanna K.},
    title =	{Harry Potter and the Philospher's Stone},
    year =	1997,
    publisher =	{Bloomsbury},
    isbn =	0747532699,
}




https://arxiv.org/pdf/2009.10264.pdf
https://dlin.web.unc.edu/wp-content/uploads/sites/1568/2013/04/Lin07.pdf
 Breslow, N. E. (1975). "Analysis of Survival Data under the Proportional Hazards Model". International Statistical Review / Revue Internationale de Statistique. 43 (1): 45–57. doi:10.2307/1402659. JSTOR 1402659.
^
 Cox, David R (1972). "Regression Models and Life-Tables". Journal of the Royal Statistical Society, Series B. 34 (2): 187–220. JSTOR 2985181. MR 0341758.
 https://www.bookdown.org/rwnahhas/RMPH/survival-phassumption.html
 https://www.publichealth.columbia.edu/research/population-health-methods/competing-risk-analysis
 https://www.ncbi.nlm.nih.gov/pmc/articles/PMC3227332/#:~:text=There%20are%20three%20primary%20goals,explanatory%20variables%20to%20survival%20time.
 https://www.ncbi.nlm.nih.gov/pmc/articles/PMC4573528/
https://www.ncbi.nlm.nih.gov/pmc/articles/PMC10087963/
https://www.ncbi.nlm.nih.gov/pmc/articles/PMC2394262/